<?xml version="1.0" encoding="UTF-8"?><record xmlns="http://www.loc.gov/MARC21/slim" xmlns:cinclude="http://apache.org/cocoon/include/1.0" xmlns:zs="http://www.loc.gov/zing/srw/">
  <leader>00589cz  a2200133n  4500</leader>
  <controlfield tag="001">n  88623623 </controlfield>
  <controlfield tag="003">DLC</controlfield>
  <controlfield tag="005">20080229073346.0</controlfield>
  <controlfield tag="008">880329n| acannaabn          |n and      </controlfield>
  <datafield tag="010" ind1=" " ind2=" ">
    <subfield code="a">n  88623623 </subfield>
  </datafield>
  <datafield tag="035" ind1=" " ind2=" ">
    <subfield code="a">(OCoLC)oca02239292</subfield>
  </datafield>
  <datafield tag="040" ind1=" " ind2=" ">
    <subfield code="a">DLC</subfield>
    <subfield code="b">eng</subfield>
    <subfield code="c">DLC</subfield>
    <subfield code="d">OCoLC</subfield>
  </datafield>
  <datafield tag="110" ind1="2" ind2=" ">
    <subfield code="a">Council for Exceptional Children.</subfield>
    <subfield code="b">Division for the Visually Handicapped</subfield>
  </datafield>
  <datafield tag="670" ind1=" " ind2=" ">
    <subfield code="a">nuc88-35952: Quality services for blind and visually ... 1984</subfield>
    <subfield code="b">(hdg. on N rept.: Council for Exceptional Children. Division for the Visually Handicapped; usage: Council for Exceptional Children, Division for the Visually Handicapped)</subfield>
  </datafield>
</record>